<?xml version="1.0" encoding="UTF-8"?><collection xmlns="http://www.loc.gov/MARC21/slim"><record><leader>00403nam--2200121-i-4500</leader><controlfield tag="001">000006824</controlfield><controlfield tag="002">20161230</controlfield><controlfield tag="005">20161230201027</controlfield><controlfield tag="008">060222s1000------------r-----000-0-eng-d</controlfield><datafield ind1=" " ind2=" " tag="245"><subfield code="a">Isotopic and cosmic chemistry. dedicated to harols c.urey on his seventieth birthday april 29, 1963</subfield></datafield><datafield ind1=" " ind2=" " tag="260"><subfield code="a">Amsterdam, North-holland Publ.Co., 1964</subfield></datafield><datafield ind1=" " ind2=" " tag="490"><subfield code="a">Xxv+553p</subfield></datafield><datafield ind1=" " ind2=" " tag="700"><subfield code="a">Craig, H., Miller, S.L., Wasserburg, G.J</subfield></datafield></record></collection>